@misc{p5js,
  title =        {Documentation de la librairie p5js},
  howpublished = {\url{http://p5js.org}},
}


@misc{grafica,
title = {Documentation de la librairie grafica},
howpublished = {\url{https://jagracar.com/grafica.php}},
}